<?xml version="1.0" encoding="utf-8"?>
<record xmlns="http://www.loc.gov/MARC21/slim" xmlns:xsi="http://www.w3.org/2001/XMLSchema-instance" xsi:schemaLocation="http://www.loc.gov/MARC21/slim http://www.loc.gov/standards/marcxml/schema/MARC21slim.xsd">
	<leader>     nam a22        4500</leader>
	<controlfield tag="001">3058914</controlfield>
	<controlfield tag="003">NNC</controlfield>
	<controlfield tag="006">m        d        </controlfield>
	<controlfield tag="007">cr cn |||m|||a</controlfield>
	<controlfield tag="008">150505s1955    xx a    o     000 0 araod</controlfield>
	<datafield ind1=" " ind2=" " tag="040">
		<subfield code="a">NNU</subfield>
		<subfield code="b">eng</subfield>
		<subfield code="e">rda</subfield>
		<subfield code="c">NNU</subfield>
	</datafield>
	<datafield ind1=" " ind2="4" tag="050">
		<subfield code="a">PJ7803.I72</subfield>
		<subfield code="b">T2 1955</subfield>
	</datafield>
	<datafield ind1="1" ind2=" " tag="100">
		<subfield code="6">880-01</subfield>
		<subfield code="a">Isfarāyinī, Abū al-Muẓaffar Ṭāhir ibn Muḥammad,</subfield>
		<subfield code="d">-1078 or 1079.</subfield>
	</datafield>
	<datafield ind1="1" ind2="3" tag="245">
		<subfield code="6">880-02</subfield>
		<subfield code="a">al-Tabṣīr fī al-dīn wa-tamyīz al-firqah al-nājiyah ʻan al-firaq al-hālikīn /</subfield>
		<subfield code="c">lil-Imām Abī al-Muẓaffar al-Isfarāyinī ; ʻarrafa al-kitāb wa-tarjama lil-muʼallif wa-kharraja aḥādīthihi wa-ʻallaqa ḥawāshīh Muḥammad Zāhid ibn al-Ḥasan al-Kawtharī. Wa-yalīhi Kashf asrār al-Bāṭinīyah wa-akhbr̄ al-Qarāmiṭah.</subfield>
	</datafield>
	<datafield ind1=" " ind2=" " tag="250">
		<subfield code="6">880-03</subfield>
		<subfield code="a">[al-Ṭabʻah 2].</subfield>
	</datafield>
	<datafield ind1=" " ind2=" " tag="260">
		<subfield code="6">880-04</subfield>
		<subfield code="a">Miṣr :</subfield>
		<subfield code="b">Maktabat al-Khānjī,</subfield>
		<subfield code="c">1955.</subfield>
	</datafield>
	<datafield ind1=" " ind2=" " tag="300">
		<subfield code="a">online resource (245 pages) :</subfield>
		<subfield code="b">illustrations.</subfield>
	</datafield>
	<datafield ind1=" " ind2=" " tag="336">
		<subfield code="a">text</subfield>
		<subfield code="2">rdacontent</subfield>
	</datafield>
	<datafield ind1=" " ind2=" " tag="337">
		<subfield code="a">computer</subfield>
		<subfield code="2">rdamedia</subfield>
	</datafield>
	<datafield ind1=" " ind2=" " tag="338">
		<subfield code="a">online resource</subfield>
		<subfield code="2">rdacarrier</subfield>
	</datafield>
	<datafield ind1="1" ind2=" " tag="490">
		<subfield code="6">880-05</subfield>
		<subfield code="a">Firaq al-Islāmīyah ;</subfield>
		<subfield code="v">1</subfield>
	</datafield>
	<datafield ind1=" " ind2=" " tag="500">
		<subfield code="a">Part of the Arabic Collections Online (ACO) project, contributed by Columbia University Libraries.</subfield>
	</datafield>
	<datafield ind1=" " ind2=" " tag="533">
		<subfield code="a">Electronic reproduction.</subfield>
		<subfield code="b">New York, N.Y. :</subfield>
		<subfield code="c">New York University,</subfield>
		<subfield code="d">2015.</subfield>
		<subfield code="5">NNU</subfield>
	</datafield>
	<datafield ind1=" " ind2="0" tag="650">
		<subfield code="a">Islamic sects</subfield>
		<subfield code="v">Early works to 1800.</subfield>
	</datafield>
	<datafield ind1=" " ind2="0" tag="650">
		<subfield code="a">Batinites.</subfield>
	</datafield>
	<datafield ind1=" " ind2="7" tag="650">
		<subfield code="a">Batinites.</subfield>
		<subfield code="2">fast</subfield>
		<subfield code="0">(OCoLC)fst00828800</subfield>
	</datafield>
	<datafield ind1=" " ind2="7" tag="650">
		<subfield code="a">Islamic sects.</subfield>
		<subfield code="2">fast</subfield>
		<subfield code="0">(OCoLC)fst00980055</subfield>
	</datafield>
	<datafield ind1=" " ind2="7" tag="655">
		<subfield code="a">Early works.</subfield>
		<subfield code="2">fast</subfield>
		<subfield code="0">(OCoLC)fst01411636</subfield>
	</datafield>
	<datafield ind1="1" ind2=" " tag="700">
		<subfield code="6">880-06</subfield>
		<subfield code="a">Ḥammādī, Muḥammad ibn Mālik,</subfield>
		<subfield code="d">-approximately 1077.</subfield>
	</datafield>
	<datafield ind1="1" ind2=" " tag="700">
		<subfield code="6">880-07</subfield>
		<subfield code="a">Kawtharī, Muḥammad Zāhid ibn al-Ḥasan.</subfield>
	</datafield>
	<datafield ind1="2" ind2=" " tag="710">
		<subfield code="a">Columbia University.</subfield>
		<subfield code="b">Libraries.</subfield>
	</datafield>
	<datafield ind1="0" ind2=" " tag="730">
		<subfield code="a">Arabic Collections Online.</subfield>
	</datafield>
	<datafield ind1="0" ind2="8" tag="776">
		<subfield code="i">Print version:</subfield>
		<subfield code="a">Isfarāyinī, Abū al-Muẓaffar Ṭāhir ibn Muḥammad, -1078 or 1079.</subfield>
		<subfield code="t">al-Tabṣīr fī al-dīn wa-tamyīz al-firqah al-nājiyah ʻan al-firaq al-hālikīn</subfield>
		<subfield code="w">(NNC)3058914</subfield>
		<subfield code="w">(OCoLC)33447529</subfield>
	</datafield>
	<datafield ind1=" " ind2="0" tag="830">
		<subfield code="6">880-08</subfield>
		<subfield code="a">Firaq al-Islāmīyah ;</subfield>
		<subfield code="v">1.</subfield>
	</datafield>
	<datafield ind1="4" ind2="0" tag="856">
		<subfield code="u">http://hdl.handle.net/2333.1/sqv9s70g</subfield>
	</datafield>
	<datafield ind1="1" ind2=" " tag="880">
		<subfield code="6">100-01/r</subfield>
		<subfield code="a">اسفرايني، ابو المظفر طاهر بن محمد،</subfield>
		<subfield code="d">-1078 or 1079.</subfield>
	</datafield>
	<datafield ind1="1" ind2="2" tag="880">
		<subfield code="6">245-02/r</subfield>
		<subfield code="a">التبصير في الدين وتمييز الفرقة الناجية عن الفرق الهالكين /</subfield>
		<subfield code="c">لأبي المظفر الاسفرايني ؛ عرف الكتاب وترجم للمؤلف وخرج أحاديثه وعلق حواشيه محمد زاهد بن الحسن الكوثري ؛ تفضل محمود محمد الخضيري بكلمة عن الصلة بين علم الفرق وغير ومن العلوم. ويليه كشف أسرار الباطنية وأخبار القرامطة / تأليف محمد بن مالك بن أبي الفضائل الحمادي اليماني.</subfield>
	</datafield>
	<datafield ind1=" " ind2=" " tag="880">
		<subfield code="6">250-03/r</subfield>
		<subfield code="a">[الطبعة ٢].</subfield>
	</datafield>
	<datafield ind1=" " ind2=" " tag="880">
		<subfield code="6">260-04/r</subfield>
		<subfield code="a">مصر :</subfield>
		<subfield code="b">مكتبة الخانجي،</subfield>
		<subfield code="c">1955.</subfield>
	</datafield>
	<datafield ind1="1" ind2=" " tag="880">
		<subfield code="6">490-05/r</subfield>
		<subfield code="a">فرق الإسلامية ؛</subfield>
		<subfield code="v">١</subfield>
	</datafield>
	<datafield ind1="1" ind2=" " tag="880">
		<subfield code="6">700-06/r</subfield>
		<subfield code="a">حمادي، محمد بن مالك،</subfield>
		<subfield code="d">-approximately 1077.</subfield>
	</datafield>
	<datafield ind1="1" ind2=" " tag="880">
		<subfield code="6">700-07/r</subfield>
		<subfield code="a">كوثري، محمد زاهد بن الحسن.</subfield>
	</datafield>
	<datafield ind1=" " ind2="0" tag="880">
		<subfield code="6">830-08/r</subfield>
		<subfield code="a">فرق الإسلامية ؛</subfield>
		<subfield code="v">١.</subfield>
	</datafield>
	<datafield ind1=" " ind2=" " tag="959">
		<subfield code="a">NNU</subfield>
		<subfield code="b">WEB</subfield>
		<subfield code="c">GENI</subfield>
		<subfield code="t">0</subfield>
		<subfield code="m">Electronic access</subfield>
		<subfield code="s">01</subfield>
	</datafield>
	<datafield ind1=" " ind2=" " tag="999">
		<subfield code="i">NNC_3058914</subfield>
		<subfield code="o">(OCoLC)ocm33447529</subfield>
		<subfield code="e">(ERROR-880)</subfield>
		<subfield code="s">columbia_aco000238</subfield>
	</datafield>
</record>
